@inproceedings{Bohlin2000,
author = {Bohlin, R. and Kavraki, L.E.},
booktitle = {IEEE International Conference on Robotics and Automation (ICRA)},
doi = {10.1109/ROBOT.2000.844107},
isbn = {0-7803-5886-4},
pages = {521--528},
publisher = {IEEE},
title = {{Path planning using lazy PRM}},
year = {2000}
}
@inproceedings{Meijer2017,
author = {Meijer, Jonathan and Lei, Qujiang and Wisse, Martijn},
booktitle = {2017 18th International Conference on Advanced Robotics (ICAR)},
doi = {10.1109/ICAR.2017.8023648},
isbn = {978-1-5386-3157-7},
pages = {450--457},
publisher = {IEEE},
title = {{Performance study of single-query motion planning for grasp execution using various manipulators}},
year = {2017}
}
@article{Sucan2012,
author = {Sucan, I. A. and Moll, M. and Kavraki, L. E.},
doi = {10.1109/MRA.2012.2205651},
journal = {IEEE Robotics {\&} Automation Magazine},
number = {4},
pages = {72--82},
title = {{The Open Motion Planning Library}},
volume = {19},
year = {2012}
}
@article{Croes1958,
author = {Croes, G. A.},
doi = {10.1287/opre.6.6.791},
journal = {Operations Research},
number = {6},
pages = {791--812},
title = {{A Method for Solving Traveling-Salesman Problems}},
volume = {6},
year = {1958}
}
@article{Xidias2010,
author = {Xidias, E. K. and Zacharia, P. Th. and Aspragathos, N. A.},
doi = {10.1017/S0263574709005748},
issn = {0263-5747},
journal = {Robotica},
month = {may},
number = {03},
pages = {427},
title = {{Time-optimal task scheduling for articulated manipulators in environments cluttered with obstacles}},
volume = {28},
year = {2010}
}
@article{Zacharia2013,
author = {Zacharia, Paraskevi Th. and Xidias, Elias K. and Aspragathos, Nikos A.},
doi = {10.1016/j.rcim.2013.05.002},
issn = {07365845},
journal = {Robotics and Computer-Integrated Manufacturing},
month = {dec},
number = {6},
pages = {449--462},
title = {{Task scheduling and motion planning for an industrial manipulator}},
volume = {29},
year = {2013}
}
@article{Wurll2001,
author = {Wurll, Christian and Henrich, Dominik},
doi = {10.1002/rob.1036},
journal = {Journal of Robotic Systems},
number = {8},
pages = {445--461},
title = {{Point-to-point and multi-goal path planning for industrial robots}},
volume = {18},
year = {2001}
}
@inproceedings{Wurll1999,
author = {Wurll, Christian and Henrich, Dominik and W{\"{o}}rn, Heinz},
booktitle = {International Conference on Robotics and Application},
title = {{Multi-Goal Path Planning for Industrial Robots}},
year = {1999}
}
@article{Helsgaun2000,
author = {Helsgaun, Keld},
doi = {10.1016/S0377-2217(99)00284-2},
journal = {European Journal of Operational Research},
month = {oct},
number = {1},
pages = {106--130},
title = {{An effective implementation of the Lin-Kernighan traveling salesman heuristic}},
volume = {126},
year = {2000}
}
@article{Helsgaun2015,
author = {Helsgaun, Keld},
doi = {10.1007/s12532-015-0080-8},
journal = {Mathematical Programming Computation},
month = {sep},
number = {3},
pages = {269--287},
publisher = {Springer Berlin Heidelberg},
title = {{Solving the equality generalized traveling salesman problem using the Lin-Kernighan-Helsgaun Algorithm}},
volume = {7},
year = {2015}
}
@article{Yoshikawa1985,
author = {Yoshikawa, T.},
doi = {10.1177/027836498500400201},
issn = {0278-3649},
journal = {The International Journal of Robotics Research},
month = {jun},
number = {2},
pages = {3--9},
title = {{Manipulability of Robotic Mechanisms}},
volume = {4},
year = {1985}
}
@inproceedings{Kuffner2000a,
author = {Kuffner, J.J. and LaValle, S.M.},
booktitle = {IEEE International Conference on Robotics and Automation (ICRA)},
doi = {10.1109/ROBOT.2000.844730},
isbn = {0-7803-5886-4},
pages = {995--1001},
title = {{RRT-connect: An efficient approach to single-query path planning}},
volume = {2},
year = {2000}
}
@incollection{Pham2015,
address = {London},
author = {Pham, Quang-Cuong},
booktitle = {Handbook of Manufacturing Engineering and Technology},
doi = {10.1007/978-1-4471-4670-4_92},
pages = {1873--1887},
publisher = {Springer London},
title = {{Trajectory Planning}},
year = {2015}
}
@phdthesis{diankov2010,
author = {Diankov, Rosen},
month = {aug},
number = {CMU-RI-TR-10-29},
school = {Carnegie Mellon University, Robotics Institute},
title = {{Automated Construction of Robotic Manipulation Programs}},
year = {2010}
}
@article{Achterberg2009,
author = {Achterberg, Tobias},
doi = {10.1007/s12532-008-0001-1},
journal = {Mathematical Programming Computation},
month = {jul},
number = {1},
pages = {1--41},
publisher = {Springer-Verlag},
title = {{SCIP: solving constraint integer programs}},
volume = {1},
year = {2009}
}
@book{Applegate2011,
author = {Applegate, David L. and Bixby, Robert E. and Chvatal, Vasek. and Cook, William J.},
isbn = {9780691129938},
pages = {608},
publisher = {Princeton University Press},
title = {{The Traveling Salesman Problem : a Computational Study.}},
year = {2011}
}
@inproceedings{Saha2003,
author = {Saha, M. and Sanchez-Ante, G. and Latombe, J.-C.},
booktitle = {IEEE International Conference on Robotics and Automation},
doi = {10.1109/ROBOT.2003.1242179},
isbn = {0-7803-7736-2},
pages = {3797--3803},
publisher = {IEEE},
title = {{Planning multi-goal tours for robot arms}},
volume = {3},
year = {2003}
}
@article{Zacharia2005,
author = {Zacharia, P.Th. and Aspragathos, N.A.},
doi = {10.1016/j.rcim.2004.04.003},
journal = {Robotics and Computer-Integrated Manufacturing},
number = {1},
pages = {67--79},
title = {{Optimal robot task scheduling based on genetic algorithms}},
volume = {21},
year = {2005}
}
@article{Abdel-Malek1990,
author = {Abdel-Malek, Layek L. and Li, Zhiming},
doi = {10.1080/00207549008942685},
issn = {0020-7543},
journal = {International Journal of Production Research},
number = {1},
pages = {75--90},
title = {{The application of inverse kinematics in the optimum sequencing of robot tasks}},
volume = {28},
year = {1990}
}
@article{Edan1991,
author = {Edan, Y. and Flash, T. and Peiper, U.M. and Shmulevich, I. and Sarig, Y.},
doi = {10.1109/70.68069},
issn = {1042296X},
journal = {IEEE Transactions on Robotics and Automation},
number = {1},
pages = {48--56},
title = {{Near-minimum-time task planning for fruit-picking robots}},
volume = {7},
year = {1991}
}
@article{Chekuri2006,
author = {Chekuri, Chandra and Even, Guy and Kortsarz, Guy},
doi = {10.1016/j.dam.2005.07.010},
issn = {0166218X},
journal = {Discrete Applied Mathematics},
number = {1},
pages = {15--34},
title = {{A greedy approximation algorithm for the group Steiner problem}},
volume = {154},
year = {2006}
}
@article{Alatartsev2015,
author = {Alatartsev, Sergey and Stellmacher, Sebastian and Ortmeier, Frank},
doi = {10.1007/s10846-015-0190-6},
journal = {Journal of Intelligent {\&} Robotic Systems},
number = {2},
pages = {279--298},
title = {{Robotic Task Sequencing Problem: A Survey}},
volume = {80},
year = {2015}
}
@article{Saha2006,
author = {Saha, Mitul and Roughgarden, Tim and Latombe, Jean-Claude and S{\'{a}}nchez-Ante, Gildardo},
doi = {10.1177/0278364906061705},
issn = {0278-3649},
journal = {The International Journal of Robotics Research},
number = {3},
pages = {207--223},
title = {{Planning Tours of Robotic Arms among Partitioned Goals}},
volume = {25},
year = {2006}
}
@article{Kolakowska2014,
author = {Kolakowska, Ewa and Smith, Stephen F. and Kristiansen, Morten},
doi = {10.1016/j.robot.2013.09.005},
issn = {09218890},
journal = {Robotics and Autonomous Systems},
number = {2},
pages = {267--280},
title = {{Constraint optimization model of a scheduling problem for a robotic arm in automatic systems}},
volume = {62},
year = {2014}
}
